<?xml version="1.0" encoding="UTF-8"?><collection xmlns="http://www.loc.gov/MARC21/slim"><record><leader>00514nam--2200181-i-4500</leader><controlfield tag="001">000017089</controlfield><controlfield tag="002">20161230</controlfield><controlfield tag="005">20161230201032</controlfield><controlfield tag="008">060222s1000------------r-----000-0-eng-d</controlfield><datafield ind1=" " ind2=" " tag="020"><subfield code="a">0521405483</subfield></datafield><datafield ind1=" " ind2=" " tag="040"><subfield code="a">IFIN-HH</subfield></datafield><datafield ind1="1" ind2=" " tag="100"><subfield code="a">Taylor, J.R</subfield></datafield><datafield ind1="1" ind2="0" tag="245"><subfield code="a">Optical solitons theory and experiment</subfield><subfield code="c">J.R. TAYLOR (Ed.)</subfield></datafield><datafield ind1=" " ind2=" " tag="260"><subfield code="a">SYDNEY</subfield><subfield code="b">Cambridge University Press</subfield><subfield code="c">1992</subfield></datafield><datafield ind1=" " ind2=" " tag="490"><subfield code="a">Cambridge Studies In Modern Optics</subfield><subfield code="v">Vol.10</subfield></datafield><datafield ind1=" " ind2="0" tag="650"><subfield code="a">Optical Fibers</subfield></datafield><datafield ind1=" " ind2=" " tag="852"><subfield code="a">74771</subfield><subfield code="c">535</subfield></datafield><datafield ind1=" " ind2=" " tag="CAT"><subfield code="a">Sys</subfield><subfield code="c">20101126</subfield><subfield code="h">104417</subfield></datafield></record></collection>